<?xml version="1.0" encoding="UTF-8" ?>
<marc:collection xmlns:marc="http://www.loc.gov/MARC21/slim" xmlns:xsi="http://www.w3.org/2001/XMLSchema-instance" xsi:schemaLocation="http://www.loc.gov/MARC21/slim http://www.loc.gov/standards/marcxml/schema/MARC21slim.xsd">
	<marc:record>
		<marc:leader>00761nam0 2200241   450 </marc:leader>
		<marc:controlfield tag="001">40</marc:controlfield>
		<marc:datafield ind1=" " ind2=" " tag="101">
			<marc:subfield code="a">English</marc:subfield>
		</marc:datafield>
		<marc:datafield ind1=" " ind2=" " tag="200">
			<marc:subfield code="a">Could music potentially serve as a functional alternative to alcohol consumption?</marc:subfield>
			<marc:subfield code="b">[article]</marc:subfield>
			<marc:subfield code="e">the importance of music motives among drinking and non-drinking adolescents</marc:subfield>
			<marc:subfield code="f">Anna Jonker</marc:subfield>
			<marc:subfield code="g">Emmanuel N. Kuntsche</marc:subfield>
		</marc:datafield>
		<marc:datafield ind1=" " ind2=" " tag="330">
			<marc:subfield code="a">This study investigated whether adolescents who drink and those who are teetotal differ in the link between music motives and health-related outcomes (life satisfaction, self-rated health, school pressure, somatic complaints, depressed and aggressive mood, physical powerlessness, frequency of being bullied and bullying others and evenings spent out with friends).</marc:subfield>
		</marc:datafield>
		<marc:datafield ind1=" " ind2=" " tag="463">
			<marc:subfield code="3">jauth-002</marc:subfield>
			<marc:subfield code="t">Journal of Behavioral Addictions</marc:subfield>
			<marc:subfield code="d">2014</marc:subfield>
			<marc:subfield code="v">volume 3, number 4</marc:subfield>
			<marc:subfield code="p">pages 223–230</marc:subfield>
		</marc:datafield>
		<marc:datafield ind1=" " ind2=" " tag="606">
			<marc:subfield code="3">subauth-013</marc:subfield>
			<marc:subfield code="a">Alkohol</marc:subfield>
		</marc:datafield>
		<marc:datafield ind1=" " ind2=" " tag="606">
			<marc:subfield code="3">subauth-014</marc:subfield>
			<marc:subfield code="a">Epidemiologie</marc:subfield>
		</marc:datafield>
		<marc:datafield ind1=" " ind2=" " tag="606">
			<marc:subfield code="3">subauth-015</marc:subfield>
			<marc:subfield code="a">Musik</marc:subfield>
		</marc:datafield>
		<marc:datafield ind1=" " ind2=" " tag="700">
			<marc:subfield code="3">pauth-024</marc:subfield>
			<marc:subfield code="4">070</marc:subfield>
			<marc:subfield code="a">Jonker</marc:subfield>
			<marc:subfield code="b">Anna</marc:subfield>
		</marc:datafield>
		<marc:datafield ind1=" " ind2=" " tag="701">
			<marc:subfield code="3">pauth-025</marc:subfield>
			<marc:subfield code="4">205</marc:subfield>
			<marc:subfield code="a">Kuntsche</marc:subfield>
			<marc:subfield code="b">Emmanuel N.</marc:subfield>
		</marc:datafield>
	</marc:record>