
	<marc:record>
		<marc:leader>00761nam0 2200241   450 </marc:leader>
		<marc:controlfield tag="001">24</marc:controlfield>
		<marc:datafield ind1="|" ind2=" " tag="101">
			<marc:subfield code="a">English</marc:subfield>
		</marc:datafield>
		<marc:datafield ind1="|" ind2=" " tag="200">
			<marc:subfield code="a">Death on the Nil</marc:subfield>
			<marc:subfield code="b">[read text]</marc:subfield>
			<marc:subfield code="f">Agatha Christie</marc:subfield>
			<marc:subfield code="g">David Suchet</marc:subfield>
		</marc:datafield>
		<marc:datafield ind1=" " ind2=" " tag="210">
			<marc:subfield code="c">HarperCollins Publishers</marc:subfield>
			<marc:subfield code="d">2004</marc:subfield>
		</marc:datafield>
		<marc:datafield ind1=" " ind2=" " tag="215">
			<marc:subfield code="a">7 CD (approx. 8h30)</marc:subfield>
			<marc:subfield code="d">14 x 13 cm</marc:subfield>
		</marc:datafield>
		<marc:datafield ind1=" " ind2="1" tag="700">
			<marc:subfield code="3">pauth-018</marc:subfield>
			<marc:subfield code="a">Christie</marc:subfield>
			<marc:subfield code="b">Agatha</marc:subfield>
			<marc:subfield code="4">070</marc:subfield>
		</marc:datafield>
		<marc:datafield ind1=" " ind2="1" tag="702">
			<marc:subfield code="3">pauth-019</marc:subfield>
			<marc:subfield code="a">Suchet</marc:subfield>
			<marc:subfield code="b">David</marc:subfield>
			<marc:subfield code="4">550</marc:subfield>
		</marc:datafield>
	</marc:record>