
	<marc:record>
		<marc:leader>00761nam0 2200241   450 </marc:leader>
		<marc:controlfield tag="001">10</marc:controlfield>
		<marc:datafield ind1="|" ind2=" " tag="101">
			<marc:subfield code="a">French</marc:subfield>
		</marc:datafield>
		<marc:datafield ind1="1" ind2=" " tag="200">
			<marc:subfield code="a">Essais</marc:subfield>
			<marc:subfield code="f">Michel de Montaigne</marc:subfield>
			<marc:subfield code="b">[publication]</marc:subfield>
		</marc:datafield>
		<marc:datafield ind1=" " ind2=" " tag="210">
			<marc:subfield code="a">Paris</marc:subfield>
			<marc:subfield code="c">Garnier-Flammarion</marc:subfield>
			<marc:subfield code="d">1969</marc:subfield>
		</marc:datafield>
		<marc:datafield ind1=" " ind2=" " tag="215">
			<marc:subfield code="a">443 pages</marc:subfield>
			<marc:subfield code="c">Cover with colorful illustrations</marc:subfield>
			<marc:subfield code="d">18 cm</marc:subfield>
		</marc:datafield>
		<marc:datafield ind1="1" ind2="1" tag="500">
			<marc:subfield code="3">tauth-002</marc:subfield>
			<marc:subfield code="a">Essais</marc:subfield>
		</marc:datafield>
		<marc:datafield ind1=" " ind2="1" tag="700">
			<marc:subfield code="3">pauth-007</marc:subfield>
			<marc:subfield code="a">Montaigne</marc:subfield>
			<marc:subfield code="b">Michel de</marc:subfield>
			<marc:subfield code="4">070</marc:subfield>
		</marc:datafield>
	</marc:record>