
	<marc:record>
		<marc:leader>00761nam0 2200241   450 </marc:leader>
		<marc:controlfield tag="001">15</marc:controlfield>
		<marc:datafield ind1=" " ind2=" " tag="101">
			<marc:subfield code="a">English</marc:subfield>
		</marc:datafield>
		<marc:datafield ind1=" " ind2=" " tag="102">
			<marc:subfield code="b">Bethesda</marc:subfield>
		</marc:datafield>
		<marc:datafield ind1=" " ind2=" " tag="200">
			<marc:subfield code="a">Handbook of Injectable Drugs</marc:subfield>
			<marc:subfield code="f">Lawrence A. Trissel</marc:subfield>
			<marc:subfield code="b">[publication]</marc:subfield>
		</marc:datafield>
		<marc:datafield ind1=" " ind2=" " tag="205">
			<marc:subfield code="a">14th</marc:subfield>
		</marc:datafield>
		<marc:datafield ind1=" " ind2=" " tag="210">
			<marc:subfield code="a">Bethesda</marc:subfield>
			<marc:subfield code="c">American Society of Health-System Pharmacists</marc:subfield>
			<marc:subfield code="d">2006</marc:subfield>
		</marc:datafield>
		<marc:datafield ind1=" " ind2=" " tag="215">
			<marc:subfield code="a">1720 pages</marc:subfield>
		</marc:datafield>
		<marc:datafield ind1=" " ind2=" " tag="606">
			<marc:subfield code="3">subauth-006</marc:subfield>
			<marc:subfield code="a">Injectable</marc:subfield>
		</marc:datafield>
		<marc:datafield ind1=" " ind2=" " tag="700">
			<marc:subfield code="3">pauth-015</marc:subfield>
			<marc:subfield code="4">070</marc:subfield>
			<marc:subfield code="a">Trissel</marc:subfield>
			<marc:subfield code="b">L.A.</marc:subfield>
		</marc:datafield>
	</marc:record>