
	<marc:record>
		<marc:leader>00761nam0 2200241   450 </marc:leader>
		<marc:controlfield tag="001">21</marc:controlfield>
		<marc:datafield ind1="|" ind2=" " tag="101">
			<marc:subfield code="a">English</marc:subfield>
		</marc:datafield>
		<marc:datafield ind1="|" ind2=" " tag="200">
			<marc:subfield code="a">Of mice and men</marc:subfield>
			<marc:subfield code="b">[read text]</marc:subfield>
			<marc:subfield code="f">John Steinbeck</marc:subfield>
			<marc:subfield code="g">Gary Sinise</marc:subfield>
		</marc:datafield>
		<marc:datafield ind1=" " ind2=" " tag="210">
			<marc:subfield code="c">Penguin</marc:subfield>
			<marc:subfield code="d">1992</marc:subfield>
		</marc:datafield>
		<marc:datafield ind1=" " ind2=" " tag="215">
			<marc:subfield code="a">3 CD (21h30)</marc:subfield>
			<marc:subfield code="c">housing with illustrations</marc:subfield>
			<marc:subfield code="d">14 x 13 cm</marc:subfield>
			<marc:subfield code="e">book</marc:subfield>
		</marc:datafield>
		<marc:datafield ind1=" " ind2="1" tag="700">
			<marc:subfield code="3">pauth-016</marc:subfield>
			<marc:subfield code="4">070</marc:subfield>
			<marc:subfield code="a">Steinbeck</marc:subfield>
			<marc:subfield code="b">John</marc:subfield>
		</marc:datafield>
		<marc:datafield ind1=" " ind2="1" tag="702">
			<marc:subfield code="3">pauth-017</marc:subfield>
			<marc:subfield code="4">550</marc:subfield>
			<marc:subfield code="a">Sinise</marc:subfield>
			<marc:subfield code="b">Gary</marc:subfield>
		</marc:datafield>
	</marc:record>