
	<marc:record>
		<marc:leader>00761nam0 2200241   450 </marc:leader>
		<marc:controlfield tag="001">7</marc:controlfield>
		<marc:datafield ind1="|" ind2=" " tag="101">
			<marc:subfield code="a">French</marc:subfield>
		</marc:datafield>
		<marc:datafield ind1="|" ind2=" " tag="200">
			<marc:subfield code="a">Romans</marc:subfield>
			<marc:subfield code="b">[publication]</marc:subfield>
			<marc:subfield code="f">Chretien de Troyes</marc:subfield>
		</marc:datafield>
		<marc:datafield ind1=" " ind2=" " tag="210">
			<marc:subfield code="a">Paris</marc:subfield>
			<marc:subfield code="c">Librairie Generale Francaise</marc:subfield>
			<marc:subfield code="d">1994</marc:subfield>
		</marc:datafield>
		<marc:datafield ind1=" " ind2=" " tag="215">
			<marc:subfield code="a">1279 pages</marc:subfield>
			<marc:subfield code="c">Cover with colorful illustrations</marc:subfield>
			<marc:subfield code="d">19 cm</marc:subfield>
		</marc:datafield>
		<marc:datafield ind1=" " ind2=" " tag="605">
			<marc:subfield code="3">subauth-001</marc:subfield>
			<marc:subfield code="a">Romans de la Table ronde</marc:subfield>
		</marc:datafield>
		<marc:datafield ind1=" " ind2="|" tag="700">
			<marc:subfield code="3">pauth-004</marc:subfield>
			<marc:subfield code="a">Chretien de Troyes</marc:subfield>
			<marc:subfield code="4">070</marc:subfield>
		</marc:datafield>
	</marc:record>