
	<marc:record>
		<marc:leader>00761nam0 2200241   450 </marc:leader>
		<marc:controlfield tag="001">5</marc:controlfield>
		<marc:datafield ind1="|" ind2=" " tag="101">
			<marc:subfield code="a">English</marc:subfield>
		</marc:datafield>
		<marc:datafield ind1="|" ind2=" " tag="200">
			<marc:subfield code="a">The Adventures of Tom Sawyer</marc:subfield>
			<marc:subfield code="b">[publication]</marc:subfield>
			<marc:subfield code="f">Mark Twain</marc:subfield>
		</marc:datafield>
		<marc:datafield ind1=" " ind2=" " tag="210">
			<marc:subfield code="a">London</marc:subfield>
			<marc:subfield code="c">Penguin books</marc:subfield>
			<marc:subfield code="d">1986</marc:subfield>
		</marc:datafield>
		<marc:datafield ind1=" " ind2=" " tag="215">
			<marc:subfield code="a">226 pages</marc:subfield>
			<marc:subfield code="c">Cover with colorful illustrations</marc:subfield>
			<marc:subfield code="d">18 cm</marc:subfield>
		</marc:datafield>
		<marc:datafield ind1="|" ind2=" " tag="225">
			<marc:subfield code="a">Penguin classics</marc:subfield>
		</marc:datafield>
		<marc:datafield ind1=" " ind2="0" tag="410">
			<marc:subfield code="3">colauth-006</marc:subfield>
			<marc:subfield code="t">Penguin classics</marc:subfield>
		</marc:datafield>
		<marc:datafield ind1=" " ind2="|" tag="700">
			<marc:subfield code="3">pauth-002</marc:subfield>
			<marc:subfield code="4">070</marc:subfield>
			<marc:subfield code="a">Twain</marc:subfield>
			<marc:subfield code="b">Mark</marc:subfield>
		</marc:datafield>
	</marc:record>