
	<marc:record>
		<marc:leader>00761nam0 2200241   450 </marc:leader>
		<marc:controlfield tag="001">3</marc:controlfield>
		<marc:datafield ind1="|" ind2=" " tag="101">
			<marc:subfield code="a">English</marc:subfield>
		</marc:datafield>
		<marc:datafield ind1="|" ind2=" " tag="200">
			<marc:subfield code="a">Treasure island</marc:subfield>
			<marc:subfield code="b">[publication]</marc:subfield>
			<marc:subfield code="f">Robert Louis Stevenson</marc:subfield>
		</marc:datafield>
		<marc:datafield ind1=" " ind2=" " tag="210">
			<marc:subfield code="c">Editions Robert Laffont</marc:subfield>
			<marc:subfield code="d">2006</marc:subfield>
		</marc:datafield>
		<marc:datafield ind1=" " ind2=" " tag="215">
			<marc:subfield code="a">204 pages</marc:subfield>
			<marc:subfield code="d">17 cm</marc:subfield>
		</marc:datafield>
		<marc:datafield ind1=" " ind2=" " tag="330">
			<marc:subfield code="a">When an old sailor named Billy Bones dies in the inn belonging to young Jim Hawkins's parents, he leaves a greasy old map on which an X marks the spot where treasure is buried. Jim joins the crew of a ship in pursuit of Bones's treasure, and on the seas meets up with Long John Silver, a peg-legged pirate who has infiltrated their ranks. Jim must survive mutinies and counter-mutinies, face hand-to-hand combat with drunken sailors, and outwit double-crossing thieves before the treasure can be his.</marc:subfield>
		</marc:datafield>
		<marc:datafield ind1=" " ind2="1" tag="700">
			<marc:subfield code="3">pauth-003</marc:subfield>
			<marc:subfield code="a">Stevenson</marc:subfield>
			<marc:subfield code="b">Robert Louis</marc:subfield>
			<marc:subfield code="4">070</marc:subfield>
		</marc:datafield>
	</marc:record>