
	<marc:record>
		<marc:leader>00761nam0 2200241   450 </marc:leader>
		<marc:controlfield tag="001">30</marc:controlfield>
		<marc:datafield ind1=" " ind2="1" tag="073">
			<marc:subfield code="a">9782205060386</marc:subfield>
		</marc:datafield>
		<marc:datafield ind1="|" ind2=" " tag="101">
			<marc:subfield code="a">French</marc:subfield>
		</marc:datafield>
		<marc:datafield ind1="1" ind2=" " tag="200">
			<marc:subfield code="a">Valerian et Laureline</marc:subfield>
			<marc:subfield code="e">l'integrale</marc:subfield>
			<marc:subfield code="b">[print]</marc:subfield>
			<marc:subfield code="f">Pierre Christin</marc:subfield>
			<marc:subfield code="f">Jean-Claude Mezieres</marc:subfield>
		</marc:datafield>
		<marc:datafield ind1=" " ind2=" " tag="210">
			<marc:subfield code="a">Paris</marc:subfield>
			<marc:subfield code="c">Dargaud</marc:subfield>
			<marc:subfield code="d">2012</marc:subfield>
		</marc:datafield>
		<marc:datafield ind1=" " ind2=" " tag="215">
			<marc:subfield code="a">1 volume (164 pages)</marc:subfield>
			<marc:subfield code="c">Colorful illustrations, cover with colorful illustrations</marc:subfield>
			<marc:subfield code="d">30 cm</marc:subfield>
		</marc:datafield>
		<marc:datafield ind1=" " ind2="1" tag="700">
			<marc:subfield code="3">pauth-021</marc:subfield>
			<marc:subfield code="a">Mezieres</marc:subfield>
			<marc:subfield code="b">Jean-Claude</marc:subfield>
			<marc:subfield code="4">070</marc:subfield>
		</marc:datafield>
		<marc:datafield ind1=" " ind2="1" tag="701">
			<marc:subfield code="3">pauth-020</marc:subfield>
			<marc:subfield code="a">Christin</marc:subfield>
			<marc:subfield code="b">Pierre</marc:subfield>
			<marc:subfield code="4">070</marc:subfield>
		</marc:datafield>
	</marc:record>