
	<marc:record>
		<marc:leader>00761nam0 2200241   450 </marc:leader>
		<marc:controlfield tag="001">38</marc:controlfield>
		<marc:datafield ind1="|" ind2=" " tag="101">
			<marc:subfield code="a">English</marc:subfield>
		</marc:datafield>
		<marc:datafield ind1=" " ind2=" " tag="200">
			<marc:subfield code="a">Why philosophers should offer ethics consultations</marc:subfield>
			<marc:subfield code="b">[article]</marc:subfield>
			<marc:subfield code="f">D.C. Thomasma</marc:subfield>
		</marc:datafield>
		<marc:datafield ind1=" " ind2=" " tag="330">
			<marc:subfield code="a">Considerable debate has occurred about the proper role of philosophers when offering ethics consultations. Some argue that only physicians or clinical experienced personnel should offer ethics consultations in the clinical setting. Others argue still further that philosophers are ill-equipped to offer such advice, since to do so rests on no social warrant, and violates the abstract and neutral nature of the discipline itself. I argue that philosophers not only can offer such consultations but ought to.</marc:subfield>
		</marc:datafield>
		<marc:datafield ind1=" " ind2=" " tag="606">
			<marc:subfield code="3">subauth-007</marc:subfield>
			<marc:subfield code="a">Consultants</marc:subfield>
		</marc:datafield>
		<marc:datafield ind1=" " ind2=" " tag="606">
			<marc:subfield code="3">subauth-008</marc:subfield>
			<marc:subfield code="a">Ethics, Medical</marc:subfield>
		</marc:datafield>
		<marc:datafield ind1=" " ind2=" " tag="606">
			<marc:subfield code="3">subauth-009</marc:subfield>
			<marc:subfield code="a">Philosophy, Medical</marc:subfield>
		</marc:datafield>
		<marc:datafield ind1=" " ind2="1" tag="700">
			<marc:subfield code="3">pauth-022</marc:subfield>
			<marc:subfield code="4">070</marc:subfield>
			<marc:subfield code="a">Thomasma</marc:subfield>
			<marc:subfield code="b">D.C.</marc:subfield>
		</marc:datafield>
	</marc:record>
</marc:collection>